<record><leader>00000cas a22000007a 4500</leader><controlfield tag="001">11146842</controlfield><controlfield tag="008">840912d18951907mtuwr ne      0    0eng d</controlfield><controlfield tag="009">4661</controlfield><datafield ind1=" " ind2=" " tag="010"><subfield code="a">sn 84036176 </subfield></datafield><datafield ind1=" " ind2=" " tag="040"><subfield code="a">MTL</subfield><subfield code="b">eng</subfield><subfield code="c">MTL</subfield></datafield><datafield ind1="1" ind2=" " tag="029"><subfield code="a">AU@</subfield><subfield code="b">000025810827</subfield></datafield><datafield ind1=" " ind2=" " tag="042"><subfield code="a">msc</subfield></datafield><datafield ind1="0" ind2=" " tag="130"><subfield code="a">Billings times (Billings, Mont. : 1895)</subfield></datafield><datafield ind1="0" ind2="4" tag="245"><subfield code="a">The Billings times.</subfield></datafield><datafield ind1=" " ind2=" " tag="260"><subfield code="a">Billings, Mont. :</subfield><subfield code="b">J.D. Matheson,</subfield><subfield code="c">1895-1907.</subfield></datafield><datafield ind1=" " ind2=" " tag="300"><subfield code="a">12 v. :</subfield><subfield code="b">ill. ;</subfield><subfield code="c">   cm.</subfield></datafield><datafield ind1=" " ind2=" " tag="310"><subfield code="a">Weekly</subfield><subfield code="b">Sept.-Dec. 1907</subfield></datafield><datafield ind1=" " ind2=" " tag="321"><subfield code="a">Weekly</subfield><subfield code="b">July 11, 1895-June 14, 1900</subfield></datafield><datafield ind1=" " ind2=" " tag="321"><subfield code="a">Semiweekly</subfield><subfield code="b">June 24, 1900-Feb. 2, 1901</subfield></datafield><datafield ind1=" " ind2=" " tag="321"><subfield code="a">Weekly</subfield><subfield code="b">Feb. 7-Sept. 12, 1901</subfield></datafield><datafield ind1=" " ind2=" " tag="321"><subfield code="a">Semiweekly</subfield><subfield code="b">Sept. 17, 1901-Sept. 1907</subfield></datafield><datafield ind1="0" ind2=" " tag="362"><subfield code="a">Vol. 5, no. 14 (July 11, 1895)-v. 17, no. 66 (Dec. 7, 1907).</subfield></datafield><datafield ind1=" " ind2=" " tag="500"><subfield code="a">"Democratic." Cf. Ayer, 1895; Billings city directory, 1907.</subfield></datafield><datafield ind1=" " ind2=" " tag="500"><subfield code="a">"Official city paper," 1902-1907.</subfield></datafield><datafield ind1=" " ind2=" " tag="500"><subfield code="a">Publishers: J.D. Matheson, 1895-1899.--M.C. Morris, 1899-1907.</subfield></datafield><datafield ind1=" " ind2=" " tag="752"><subfield code="a">United States</subfield><subfield code="b">Montana</subfield><subfield code="c">Yellowstone</subfield><subfield code="d">Billings.</subfield></datafield><datafield ind1="0" ind2="0" tag="780"><subfield code="t">Weekly times (Billings, Mont.)</subfield><subfield code="w">(DLC)sn 84036175</subfield></datafield><datafield ind1="0" ind2="0" tag="785"><subfield code="t">Billings weekly times</subfield><subfield code="w">(DLC)sn 84036177</subfield></datafield></record>